@article{hawes2017strands,
  title={The STRANDS project: Long-term autonomy in everyday environments},
  author={Hawes, Nick and Burbridge, Christopher and Jovan, Ferdian and Kunze, Lars and Lacerda, Bruno and Mudrova, Lenka and Young, Jay and Wyatt, Jeremy and Hebesberger, Denise and Kortner, Tobias and others},
  journal={IEEE Robotics \& Automation Magazine},
  volume={24},
  number={3},
  pages={146--156},
  year={2017},
  publisher={IEEE}
}

@article{biber2009experimental,
  title={Experimental analysis of sample-based maps for long-term SLAM},
  author={Biber, Peter and Duckett, Tom},
  journal={The International Journal of Robotics Research},
  volume={28},
  number={1},
  pages={20--33},
  year={2009},
  publisher={Sage Publications Sage UK: London, England}
}

@article{tipaldi2013lifelong,
  title={Lifelong localization in changing environments},
  author={Tipaldi, Gian Diego and Meyer-Delius, Daniel and Burgard, Wolfram},
  journal={The International Journal of Robotics Research},
  volume={32},
  number={14},
  pages={1662--1678},
  year={2013},
  publisher={SAGE Publications Sage UK: London, England}
}

@inproceedings{kucner2013conditional,
  title={Conditional transition maps: Learning motion patterns in dynamic environments},
  author={Kucner, Tomasz and Saarinen, Jari and Magnusson, Martin and Lilienthal, Achim J},
  booktitle={Intelligent Robots and Systems (IROS), 2013 IEEE/RSJ International Conference on},
  pages={1196--1201},
  year={2013},
  organization={IEEE}
}

@article{krajnik2017fremen,
  title={Fremen: Frequency map enhancement for long-term mobile robot autonomy in changing environments},
  author={Krajn{\'\i}k, Tom{\'a}{\v{s}} and Fentanes, Jaime P and Santos, Joao M and Duckett, Tom},
  journal={IEEE Transactions on Robotics},
  volume={33},
  number={4},
  pages={964--977},
  year={2017},
  publisher={IEEE}
}

@article{churchill2013experience,
  title={Experience-based navigation for long-term localisation},
  author={Churchill, Winston and Newman, Paul},
  journal={The International Journal of Robotics Research},
  volume={32},
  number={14},
  pages={1645--1661},
  year={2013},
  publisher={SAGE Publications Sage UK: London, England}
}


@inproceedings{rosen2016towards,
  title={Towards lifelong feature-based mapping in semi-static environments},
  author={Rosen, David M and Mason, Julian and Leonard, John J},
  booktitle={Robotics and Automation (ICRA), 2016 IEEE International Conference on},
  pages={1063--1070},
  year={2016},
  organization={IEEE}
}

@inproceedings{mudrova2015integrated,
  title={An integrated control framework for long-term autonomy in mobile service robots.},
  author={Mudrova, Lenka and Lacerda, Bruno and Hawes, Nick},
  booktitle={ECMR},
  pages={1--6},
  year={2015}
}

@article{milford2010persistent,
  title={Persistent navigation and mapping using a biologically inspired SLAM system},
  author={Milford, Michael and Wyeth, Gordon},
  journal={The International Journal of Robotics Research},
  volume={29},
  number={9},
  pages={1131--1153},
  year={2010},
  publisher={Sage Publications Sage UK: London, England}
}

@inproceedings{konolige2009towards,
  title={Towards lifelong visual maps},
  author={Konolige, Kurt and Bowman, James},
  booktitle={Intelligent Robots and Systems, 2009. IROS 2009. IEEE/RSJ International Conference on},
  pages={1156--1163},
  year={2009},
  organization={IEEE}
}

@inproceedings{hochdorfer2009towards,
  title={Towards a robust visual SLAM approach: Addressing the challenge of life-long operation},
  author={Hochdorfer, Siegfried and Schlegel, Christian},
  booktitle={Advanced Robotics, 2009. ICAR 2009. International Conference on},
  pages={1--6},
  year={2009},
  organization={IEEE}
}

@inproceedings{ambrucs2014meta,
  title={Meta-rooms: Building and maintaining long term spatial models in a dynamic world},
  author={Ambru{\c{s}}, Rare{\c{s}} and Bore, Nils and Folkesson, John and Jensfelt, Patric},
  booktitle={Intelligent Robots and Systems (IROS 2014), 2014 IEEE/RSJ International Conference on},
  pages={1854--1861},
  year={2014},
  organization={IEEE}
}

@article{faulhammer2017autonomous,
  title={Autonomous learning of object models on a mobile robot},
  author={F{\"a}ulhammer, Thomas and Ambrus, Rares and Burbridge, Christopher and Zillich, Micheal and Folkesson, John and Hawes, Nick and Jensfelt, Patric and Vincze, Marcus},
  journal={IEEE Robotics and Automation Letters},
  volume={2},
  number={1},
  pages={26--33},
  year={2017},
  publisher={IEEE Press}
}

@inproceedings{arbuckle2002temporal,
  title={Temporal occupancy grids: a method for classifying the spatio-temporal properties of the environment},
  author={Arbuckle, Daniel and Howard, Andrew and Mataric, Maja},
  booktitle={Intelligent Robots and Systems, 2002. IEEE/RSJ International Conference on},
  volume={1},
  pages={409--414},
  year={2002},
  organization={IEEE}
}

@article{dayoub2011long,
  title={Long-term experiments with an adaptive spherical view representation for navigation in changing environments},
  author={Dayoub, Feras and Cielniak, Grzegorz and Duckett, Tom},
  journal={Robotics and Autonomous Systems},
  volume={59},
  number={5},
  pages={285--295},
  year={2011},
  publisher={Elsevier}
}

@inproceedings{fentanes2015now,
  title={Now or later? predicting and maximising success of navigation actions from long-term experience},
  author={Fentanes, Jaime Pulido and Lacerda, Bruno and Krajn{\'\i}k, Tom{\'a}{\v{s}} and Hawes, Nick and Hanheide, Marc},
  booktitle={Robotics and Automation (ICRA), 2015 IEEE International Conference on},
  pages={1112--1117},
  year={2015},
  organization={IEEE}
}

@inproceedings{krajnik2015s,
  title={Where's waldo at time t? using spatio-temporal models for mobile robot search},
  author={Krajn{\'\i}k, Tom{\'a}{\v{s}} and Kulich, Miroslav and Mudrov{\'a}, Lenka and Ambrus, Rares and Duckett, Tom},
  booktitle={Robotics and Automation (ICRA), 2015 IEEE International Conference on},
  pages={2140--2146},
  year={2015},
  organization={IEEE}
}

@article{santos2016lifelong,
  title={Lifelong information-driven exploration to complete and refine 4-d spatio-temporal maps},
  author={Santos, Joao Machado and Krajn{\'\i}k, Tom{\'a}{\v{s}} and Fentanes, Jaime Pulido and Duckett, Tom},
  journal={IEEE Robotics and Automation Letters},
  volume={1},
  number={2},
  pages={684--691},
  year={2016},
  publisher={IEEE}
}

@inproceedings{wang2014modeling,
  title={Modeling motion patterns of dynamic objectsby IOHMM},
  author={Wang, Zhan and Ambrus, Rares and Jensfelt, Patric and Folkesson, John},
  booktitle={2014 IEEE/RSJ International Conference on Intelligent Robots and Systems (IROS 2014), 14-18 Sept. 2014, Chicago, IL},
  pages={1832--1838},
  year={2014},
  organization={IEEE conference proceedings}
}

@article{kucner2017enabling,
  title={Enabling flow awareness for mobile robots in partially observable environments},
  author={Kucner, Tomasz Piotr and Magnusson, Martin and Schaffernicht, Erik and Bennetts, Victor Hernandez and Lilienthal, Achim J},
  journal={IEEE Robotics and Automation Letters},
  volume={2},
  number={2},
  pages={1093--1100},
  year={2017},
  publisher={IEEE}
}

@inproceedings{palmieri2017kinodynamic,
  title={Kinodynamic motion planning on Gaussian mixture fields},
  author={Palmieri, Luigi and Kucner, Tomasz P and Magnusson, Martin and Lilienthal, Achim J and Arras, Kai O},
  booktitle={Robotics and Automation (ICRA), 2017 IEEE International Conference on},
  pages={6176--6181},
  year={2017},
  organization={IEEE}
}

@article{o2012gaussian,
  title={Gaussian process occupancy maps},
  author={Oâ€™Callaghan, Simon T and Ramos, Fabio T},
  journal={The International Journal of Robotics Research},
  volume={31},
  number={1},
  pages={42--62},
  year={2012},
  publisher={SAGE Publications Sage UK: London, England}
}

@article{ramos2016hilbert,
  title={Hilbert maps: scalable continuous occupancy mapping with stochastic gradient descent},
  author={Ramos, Fabio and Ott, Lionel},
  journal={The International Journal of Robotics Research},
  volume={35},
  number={14},
  pages={1717--1730},
  year={2016},
  publisher={SAGE Publications Sage UK: London, England}
}

@inproceedings{krajnik2014long,
  title={Long-term topological localisation for service robots in dynamic environments using spectral maps},
  author={Krajn{\'\i}k, Tom{\'a}{\v{s}} and Fentanes, Jaime P and Mozos, Oscar M and Duckett, Tom and Ekekrantz, Johan and Hanheide, Marc},
  booktitle={Intelligent Robots and Systems (IROS 2014), 2014 IEEE/RSJ International Conference on},
  pages={4537--4542},
  year={2014},
  organization={IEEE}
}

@inproceedings{krajnik2016persistent,
  title={Persistent localization and life-long mapping in changing environments using the frequency map enhancement},
  author={Krajn{\'\i}k, Tom{\'a}{\v{s}} and Fentanes, Jaime Pulido and Hanheide, Marc and Duckett, Tom},
  booktitle={Intelligent Robots and Systems (IROS), 2016 IEEE/RSJ International Conference on},
  pages={4558--4563},
  year={2016},
  organization={IEEE}
}

@article{santos2017spatio,
  title={Spatio-temporal exploration strategies for long-term autonomy of mobile robots},
  author={Santos, Jo{\~a}o Machado and Krajn{\'\i}k, Tom{\'a}{\v{s}} and Duckett, Tom},
  journal={Robotics and Autonomous Systems},
  volume={88},
  pages={116--126},
  year={2017},
  publisher={Elsevier}
}

@inproceedings{hanheide2017and,
  title={The When, Where, and How: An Adaptive Robotic Info-Terminal for Care Home Residents},
  author={Hanheide, Marc and Hebesberger, Denise and Krajn{\'\i}k, Tom{\'a}{\v{s}}},
  booktitle={Proceedings of the 2017 ACM/IEEE International Conference on Human-Robot Interaction},
  pages={341--349},
  year={2017},
  organization={ACM}
}

@article{kunze2018artificial,
  title={Artificial intelligence for long-term robot autonomy: A survey},
  author={Kunze, Lars and Hawes, Nick and Duckett, Tom and Hanheide, Marc and Krajn{\'\i}k, Tom{\'a}{\v{s}}},
  journal={IEEE Robotics and Automation Letters},
  volume={3},
  number={4},
  pages={4023--4030},
  year={2018},
  publisher={IEEE}
}

@book{hyndman2018forecasting,
  title={Forecasting: principles and practice}, 
  author={Hyndman, Rob J and Athanasopoulos, George},
  year={2018},
  publisher={OTexts} 
}

@book{brockwell2016introduction,
  title={Introduction to time series and forecasting},
  author={Brockwell, Peter J and Davis, Richard A},
  year={2016},
  publisher={springer}
}

@article{xu1996convergence,
  title={On convergence properties of the EM algorithm for Gaussian mixtures},
  author={Xu, Lei and Jordan, Michael I},
  journal={Neural computation},
  volume={8},
  number={1},
  pages={129--151},
  year={1996},
  publisher={MIT Press}
}

@book{maronna2006robust,
  title={Robust statistics},
  author={Maronna, RARD and Martin, R Douglas and Yohai, Victor},
  volume={1},
  year={2006},
  publisher={John Wiley \& Sons, Chichester. ISBN}
}


@inproceedings{vintr2017spatiotemporal,
    title = {Spatio-temporal models for motion planning in human populated environments},
    author = {Vintr, T. and Molina, S. and Fentanes, J.P. and Cielniak, G. and Duckett, T. and Krajn{\'i}k, T.},
    booktitle = {Student Conference on Planning in Artificial Intelligence and Robotics},
    year = {2017}
}

@article{hyndman2006another,
  title={Another look at measures of forecast accuracy},
  author={Hyndman, Rob J and Koehler, Anne B},
  journal={International journal of forecasting},
  volume={22},
  number={4},
  pages={679--688},
  year={2006},
  publisher={Elsevier}
}

@article{leys2013detecting,
  title={Detecting outliers: Do not use standard deviation around the mean, use absolute deviation around the median},
  author={Leys, Christophe and Ley, Christophe and Klein, Olivier and Bernard, Philippe and Licata, Laurent},
  journal={Journal of Experimental Social Psychology},
  volume={49},
  number={4},
  pages={764--766},
  year={2013},
  publisher={Elsevier}
}

@inproceedings{krajnik2014spectral,
  title={Spectral analysis for long-term robotic mapping},
  author={Krajnik, Tomas and Fentanes, Jaime Pulido and Cielniak, Grzegorz and Dondrup, Christian and Duckett, Tom},
  booktitle={Robotics and Automation (ICRA), 2014 IEEE International Conference on},
  pages={3706--3711},
  year={2014},
  organization={IEEE}
}

@inproceedings{coppola2016learning,
  title={Learning Temporal Context for Activity Recognition},
  author={Coppola, Claudio and Krajn{\i}k, Tom{\'a}{\v{s}} and Duckett, Tom and Bellotto, Nicola},
  booktitle={European Conference on Artificial Intelligence},
  year={2016}
}

@article{evans20004,
  title={4: Bernoulli Distribution},
  author={Evans, M and Hastings, N and Peacock, B},
  journal={Statistical Distributions. 3rd edn. Wiley},
  pages={31--33},
  year={2000}
}

@article{taylor2018forecasting,
  title={Forecasting at scale},
  author={Taylor, Sean J and Letham, Benjamin},
  journal={The American Statistician},
  volume={72},
  number={1},
  pages={37--45},
  year={2018},
  publisher={Taylor \& Francis}
}

@article{matthews1975comparison,
  title={Comparison of the predicted and observed secondary structure of T4 phage lysozyme},
  author={Matthews, Brian W},
  journal={Biochimica et Biophysica Acta (BBA)-Protein Structure},
  volume={405},
  number={2},
  pages={442--451},
  year={1975},
  publisher={Elsevier}
}

@article{grubbs1969procedures,
  title={Procedures for detecting outlying observations in samples},
  author={Grubbs, Frank E},
  journal={Technometrics},
  volume={11},
  number={1},
  pages={1--21},
  year={1969},
  publisher={Taylor \& Francis}
}

@book{barnett1974outliers,
  title={Outliers in statistical data},
  author={Barnett, Vic and Lewis, Toby},
  year={1974},
  publisher={Wiley}
}

@book{rousseeuw2005robust,
  title={Robust regression and outlier detection},
  author={Rousseeuw, Peter J and Leroy, Annick M},
  volume={589},
  year={2005},
  publisher={John wiley \& sons}
}

@article{ilango2012five,
  title={A five step procedure for outlier analysis in data mining},
  author={Ilango, V and Subramanian, R and Vasudevan, V},
  journal={European Journal of Scientific Research},
  volume={75},
  number={3},
  pages={327--339},
  year={2012}
}

@article{gould2008forecasting,
  title={Forecasting time series with multiple seasonal patterns},
  author={Gould, Phillip G and Koehler, Anne B and Ord, J Keith and Snyder, Ralph D and Hyndman, Rob J and Vahid-Araghi, Farshid},
  journal={European Journal of Operational Research},
  volume={191},
  number={1},
  pages={207--222},
  year={2008},
  publisher={Elsevier}
}

@article{elfes1989using,
  title={Using occupancy grids for mobile robot perception and navigation},
  author={Elfes, Alberto},
  journal={Computer},
  number={6},
  pages={46--57},
  year={1989},
  publisher={IEEE}
}

@inproceedings{molina2018modelling,
  title={Modelling and Predicting Rhythmic Flow Patterns in Dynamic Environments},
  author={Molina, Sergi and Cielniak, Grzegorz and Krajn{\'\i}k, Tom{\'a}{\v{s}} and Duckett, Tom},
  booktitle={Annual Conference Towards Autonomous Robotic Systems},
  pages={135--146},
  year={2018},
  organization={Springer}
}

@inproceedings{hebesberger2017patterns,
  title={Patterns of use: how older adults with progressed dementia interact with a robot},
  author={Hebesberger, Denise Viktoria and Dondrup, Christian and Gisinger, Christoph and Hanheide, Marc},
  booktitle={Proceedings of the Companion of the 2017 ACM/IEEE International Conference on Human-Robot Interaction},
  pages={131--132},
  year={2017},
  organization={ACM}
}

@article{kruse2007fundamentals,
  title={Fundamentals of fuzzy clustering},
  author={Kruse, Rudolf and D{\"o}ring, Christian and Lesot, Marie-Jeanne},
  journal={Advances in fuzzy clustering and its applications},
  pages={3--30},
  year={2007},
  publisher={John Wiley and Sons, England}
}

@inproceedings{gustafson1979fuzzy,
  title={Fuzzy clustering with a fuzzy covariance matrix},
  author={Gustafson, Donald E and Kessel, William C},
  booktitle={Decision and Control including the 17th Symposium on Adaptive Processes, 1978 IEEE Conference on},
  pages={761--766},
  year={1979},
  organization={IEEE}
}

@inproceedings{Yan2017Online,
    Author:corp = {IEEE},
    booktitle = {Intelligent Robots and Systems (IROS), 2017 IEEE/RSJ International Conference on},
    author = {Yan, Zhi and Duckett, Tom and Bellotto, Nicola},
    title = {Online learning for human classification in 3d lidar-based tracking},
    pages = {864-871},
    year = {2017},
}

@inproceedings{krajnik2017towards,
        Author = {Tom{\'a}{\v s} Krajn{\'i}k and Marc Hanheide and Tom{\'a}{\v s} Vintr and Keerthy Kusumam and Tom Duckett},
        Title = {Towards Automated Benchmarking of Robotic Experiments},
        Booktitle = {ICRA Workshop on Reproducible Research in Robotics},
        Year = {2017}
}

@article{krajnik2018warped,
  title={Warped Hypertime Representations for Long-term Autonomy of Mobile Robots},
  author={Krajnik, Tomas and Vintr, Tomas and Molina, Sergi and Fentanes, Jaime P and Cielniak, Grzegorz and Duckett, Tom},
  journal={arXiv preprint arXiv:1810.04285},
  year={2018}
}

@misc{fremen-www,
    Author={Tom{\'a}{\v s} Krajn{\'i}k},
    title = {The Frequency Map Enhancement {(FreMEn)} project repository},
    howpublished= {\url{http://fremen.uk}},
}

@article{neubert2015superpixel,
  title={Superpixel-based appearance change prediction for long-term navigation across seasons},
  author={Neubert, Peer and S{\"u}nderhauf, Niko and Protzel, Peter},
  journal={Robotics and Autonomous Systems},
  volume={69},
  pages={15--27},
  year={2015},
  publisher={Elsevier}
}

@article{altman1992introduction,
  title={An introduction to kernel and nearest-neighbor nonparametric regression},
  author={Altman, Naomi S},
  journal={The American Statistician},
  volume={46},
  number={3},
  pages={175--185},
  year={1992},
  publisher={Taylor \& Francis Group}
}

@article{scikit-learn,
 title={Scikit-learn: Machine Learning in {P}ython},
 author={Pedregosa, F. and Varoquaux, G. and Gramfort, A. and Michel, V.
         and Thirion, B. and Grisel, O. and Blondel, M. and Prettenhofer, P.
         and Weiss, R. and Dubourg, V. and Vanderplas, J. and Passos, A. and
         Cournapeau, D. and Brucher, M. and Perrot, M. and Duchesnay, E.},
 journal={Journal of Machine Learning Research},
 volume={12},
 pages={2825--2830},
 year={2011}
}

@article{brvscic2013person,
  title={Person tracking in large public spaces using 3-D range sensors},
  author={Br{\v{s}}cic, Drazen and Kanda, Takayuki and Ikeda, Tetsushi and Miyashita, Takahiro},
  journal={IEEE Transactions on Human-Machine Systems},
  volume={43},
  number={6},
  pages={522--534},
  year={2013}
}

@inproceedings{chinellato2017incremental,
  title={An incremental von mises mixture framework for modelling human activity streaming data},
  author={Chinellato, Eris and Mardia, Kanti V and Hogg, David C and Cohn, Anthony G},
  booktitle={Proceedings ITISE 2017},
  year={2017},
  organization={Leeds}
}

@inproceedings{Van2008Using,
    booktitle = {12th IEEE International Symposium on Wearable Computers(ISWC)},
    publisher = {IEEE},
    author = {Van Laerhoven, Kristof and Kilian, David and Schiele, Bernt},
    title = {Using rhythm awareness in long-term activity recognition},
    pages = {63-66},
    year = {2008},
}

@inproceedings{Blanke2009Daily,
    Author:corp = {Springer},
    booktitle = {International Symposium on Location-and Context-Awareness},
    author = {Blanke, Ulf and Schiele, Bernt},
    title = {Daily routine recognition through activity spotting},
    pages = {192-206},
    year = {2009}
}

@inproceedings{Krajnik2014Longterm,
    Author:corp = {IEEE},
    booktitle = {Intelligent Robots and Systems (IROS 2014), 2014 IEEE/RSJ International Conference on},
    author = {Krajnik, Tomas and Fentanes, Jaime P. and Mozos, Oscar M. and Duckett, Tom and Ekekrantz, Johan and Hanheide, Marc},
    title = {Long-term topological localisation for service robots in dynamic environments using spectral maps},
    pages = {4537-4542},
    year = {2014}
}

@article{Krajnik2014Froctomap,
    Publisher = {Springer},
    author = {Krajnik, Tomas and Santos, Joao and Seemann, Bianca and Duckett, Tom},
    title = {Froctomap: An efficient spatio-temporal environment representation},
    journal = {Advances in Autonomous Robotics Systems},
    pages = {269},
    year = {2014},
    doi = {10.1007/978-3-319-10401-0.}
}

@article{Cliff1975Model,
    Publisher = {JSTOR},
    author = {Cliff, A. D. and Ord, J. K.},
    title = {Model building and the analysis of spatial pattern in human geography},
    journal = {Journal of the Royal Statistical Society. Series B (Methodological)},
    volume = {37},
    number = {3},
    pages = {297-348},
    year = {1975},
    doi = {111/bioe.12538}
}

@article{Shi2018Machine,
    author = {Shi, Xingjian and Yeung, Dit-Yan},
    title = {Machine Learning for Spatiotemporal Sequence Forecasting: A Survey},
    journal = {arXiv preprint arXiv:1808.06865},
    year = {2018}
}

@inproceedings{Dayoub2009adaptive,
    booktitle = {European Conference on Mobile Robots-ECMR 2009},
    author = {Dayoub, Feras and Duckett, Tom and Cielniak, Grzegorz},
    title = {An adaptive spherical view representation for navigation in changing environments},
    year = {2009}
}


@Article{O'Callaghan2011Learning,
    author = {O'Callaghan, Simon T. and Singh, Surya P. N. and Alempijevic, Alen and Ramos, Fabio T.},
    title = {Learning Navigational Maps by Observing Human Motion Patterns},
    journal = {2011 Ieee International Conference On Robotics And Automation (Icra)},
    year = {2011}
}

@Article{McCalman2013MultiModal,
    author = {McCalman, Lachlan and O'Callaghan, Simon and Ramos, Fabio},
    title = {Multi-Modal Estimation with Kernel Embeddings for Learning Motion Models},
    journal = {2013 Ieee International Conference On Robotics And Automation (Icra)},
    pages = {2845-2852},
    year = {2013}
}

@inproceedings{Kucner2016Tell,
    booktitle = {Robotics: Science and Systems Conference (RSS 2016), Workshop: Geometry and Beyond-Representations, Physics, and Scene Understanding for Robotics, University of Michigan, Ann Arbor, Ml, USA, June 18-22, 2016},
    author = {Kucner, Tomasz and Magnusson, Martin and Schaffernicht, Erik and Hernandez Bennetts, Victor and Lilienthal, Achim},
    title = {Tell me about dynamics!: Mapping velocity fields from sparse samples with Semi-Wrapped Gaussian Mixture Models},
    year = {2016}
}

@article{roy2012mixture,
  title={A mixture model of circular-linear distributions for color image segmentation},
  author={Roy, Anandarup and Parui, Swapan K and Roy, Utpal},
  journal={International Journal of Computer Applications},
  volume={58},
  number={9},
  year={2012},
  publisher={Foundation of Computer Science}
}

@inproceedings{Guizilini2015Nonparametric,
    booktitle = {AAAI},
    author = {Guizilini, Vitor Campanholo and Ramos, Fabio Tozeto},
    title = {A Nonparametric Online Model for Air Quality Prediction.},
    pages = {651-657},
    year = {2015},
}

@inproceedings{Senanayake2016Predicting,
    booktitle = {AAAI},
    author = {Senanayake, Ransalu and Simon Timothy, O{'}Callaghan and Ramos, Fabio},
    title = {Predicting Spatio-Temporal Propagation of Seasonal Influenza Using Variational Gaussian Process Regression.},
    pages = {3901-3907},
    year = {2016},
}

@article{Tompkins2018Index,
    author = {Tompkins, Anthony and Ramos, Fabio},
    title = {Index Set Fourier Series Features for Approximating Multi-dimensional Periodic Kernels},
    journal = {arXiv preprint arXiv:1805.04982},
    year = {2018},
}

@inproceedings{Tompkins2018Fourier,
    booktitle = {AAAI Conference on Artificial Intelligence},
    author = {Tompkins, Anthony and Ramos, Fabio},
    title = {Fourier Feature Approximations for Periodic Kernels in Time-Series Modelling},
    year = {2018},
}

@incollection{rasmussen2004gaussian,
  title={Gaussian processes in machine learning},
  author={Rasmussen, Carl Edward},
  booktitle={Advanced lectures on machine learning},
  pages={63--71},
  year={2004},
  publisher={Springer}
}

@inproceedings{Senanayake2017Bayesian,
    booktitle = {Conference on Robot Learning},
    author = {Senanayake, Ransalu and Ramos, Fabio},
    title = {Bayesian hilbert maps for dynamic continuous occupancy mapping},
    pages = {458-471},
    year = {2017},
}

@inproceedings{Duckworth2016Unsupervised,
    Author:corp = {International Foundation for Autonomous Agents and Multiagent Systems},
    booktitle = {Proceedings of the 2016 International Conference on Autonomous Agents \& Multiagent Systems},
    author = {Duckworth, Paul and Gatsoulis, Yiannis and Jovan, Ferdian and Hawes, Nick and Hogg, David C. and Cohn, Anthony G.},
    title = {Unsupervised learning of qualitative motion behaviours by a mobile robot},
    pages = {1043-1051},
    year = {2016},
}

@inproceedings{Krajnik2015Lifelong,
    Author:corp = {IEEE},
    booktitle = {Mobile Robots (ECMR), 2015 European Conference on},
    author = {Krajnik, Tomas and Santos, Joao M. and Duckett, Tom},
    title = {Life-long spatio-temporal exploration of dynamic environments},
    pages = {1-8},
    year = {2015},
}

@inproceedings{Molina2019Go,
  author  = {Molina, Sergi and Cielniak,Grzegorz and Duckett, Tom}, 
  title   = {Go with the Flow: Exploration and Mapping of Pedestrian Flow Patterns from Partial Observations},
  booktitle = {Proc. of Int. Conference on Robotics and Automation (ICRA)},
  year    = 2019
}


